@book{Gomes2009,
	address = {London},
	doi = {10.1007/978-1-84882-406-5},
	editor = {Gomes, Abel J. P. and Voiculescu, Irina and Jorge, Joaquim and Wyvill, Brian and Galbraith, Callum},
	isbn = {978-1-84882-405-8},
	publisher = {Springer London},
	title = {{Implicit Curves and Surfaces: Mathematics, Data Structures and Algorithms}},
	url = {http://link.springer.com/10.1007/978-1-84882-406-5},
	year = {2009}
}

@article{Raposo2019,
	abstract = {Implicit functions provide a fundamental basis to model 3D objects, no matter they are rigid or deformable, in computer graphics and geometric modeling. This paper introduces a new constructive scheme of implicitly-defined 3D objects based on products of implicit functions. This scheme is in contrast with popular approaches like blobbies, meta balls and soft objects, which rely on the sum of specific implicit functions to fit a 3D object to a set of spheres.},
	archivePrefix = {arXiv},
	arxivId = {1906.06751},
	author = {Raposo, Adriano N. and Gomes, Abel J.P.},
	doi = {10.24132/CSRN.2019.2901.1.13},
	eprint = {1906.06751},
	issn = {12136964},
	journal = {Journal of WSCG},
	keywords = {3D modeling,Computational geometry,Constructive modeling,Geometric modeling,Implicit surfaces,Surface modeling},
	number = {WSCG2019CSRN2901},
	pages = {111--117},
	title = {{$\Pi$-surfaces: Products of implicit surfaces towards constructive composition of 3D objects}},
	volume = {2019},
	year = {2019}
}

@article{Lorensen1987,
	abstract = {We present a new algorithm, called marching cubes, that creates triangle models of constant density surfaces from 3D medical data. Using a divide-and-conquer approach to generate inter-slice connectivity, we create a case table that defines triangle topology. The algorithm processes the 3D medical data in scan-line order and calculates triangle vertices using linear interpolation. We find the gradient of the original data, normalize it, and use it as a basis for shading the models. The detail in images produced from the generated surface models is the result of maintaining the inter-slice connectivity, surface data, and gradient information present in the original 3D data. Results from computed tomography (CT), magnetic resonance (MR), and single-photon emission computed tomography (SPECT) illustrate the quality and functionality of marching cubes . We also discuss improvements that decrease processing time and add solid modeling capabilities.},
	author = {Lorensen, William E. and Cline, Harvey E.},
	doi = {10.1145/37402.37422},
	issn = {0097-8930},
	journal = {ACM SIGGRAPH Computer Graphics},
	month = {aug},
	number = {4},
	pages = {163--169},
	title = {{Marching cubes: A high resolution 3D surface construction algorithm}},
	url = {https://dl.acm.org/doi/10.1145/37402.37422},
	volume = {21},
	year = {1987}
}

@MISC{bourke94,
	author = {Paul Bourke},
	title  = "{Polygonising a scalar field}",
	year   = 1994,
	note   = {[Online] \url{http://www.paulbourke.net/geometry/polygonise/}. 
	Último acesso a 13 de janeiro de 2021.}
}

@MISC{opengl,
	author = {The Khronos Group Inc},
	title  = "{OpenGL}",
	year   = 2021,
	note   = {[Online] \url{https://www.opengl.org/}. Último acesso a 21 de setembro de 2020.}
}

@misc{glew,
	author = {The Khronos Group Inc},
	title  = {OpenGL SDK --- The OpenGL Extension Wrangler Library},
	year   = 2021,
	note   = {[Online] \url{https://www.opengl.org/sdk/libs/GLEW/}. Último acesso a 11 de julho de 2021.}
}

@MISC{glfw,
	author = {GLFW Project},
	title  = "{An OpenGL library | GLFW}",
	year   = 2020,
	note   = {[Online] \url{https://www.glfw.org/}. Último acesso a 11 de julho de 2021.}
}
@MISC{glm,
	author = {The Khronos Group Inc},
	title  = "{GLM SDK contribution}",
	year   = 2021,
	note   = {[Online] \url{https://www.opengl.org/sdk/libs/GLM/}. Último acesso a 21 de setembro de 2020.}
}

@MISC{glad,
	author = {David Herberth},
	title  = "{Dav1dde/glad: Multi-Language Vulkan/GL/GLES/EGL/GLX/WGL Loader-Generator based on the official specs}",
	year   = 2021,
	note   = {[Online] \url{https://github.com/Dav1dde/glad}. Último acesso a 24 de novembro de 2020.}
}

@MISC{glad-webservice,
	author = {David Herberth},
	title  = "{Glad}",
	year   = 2021,
	note   = {[Online] \url{https://glad.dav1d.de/}. Último acesso a 24 de novembro de 2020.}
}

@MISC{freetype,
	author = {Werner Lemberg},
	title  = "{The FreeType Project}",
	year   = 2021,
	note   = {[Online] \url{https://www.freetype.org/}. Último acesso a 3 de janeiro de 2020.}
}

@MISC{osdialog,
	author = {Andrew Belt},
	title  = "{AndrewBelt/osdialog: A cross platform wrapper for OS dialogs like file save, open, message boxes, inputs, color picking, etc.}",
	year   = 2020,
	note   = {[Online] \url{https://github.com/AndrewBelt/osdialog}. Último acesso a 19 de dezembro de 2020.}
}

@MISC{glsl-cookbook-github,
	author = {David Wolff},
	title  = "{daw42/glslcookbook: Example code for the OpenGL Shading Language Cookbook - 2nd Edition}",
	year   = 2019,
	note   = {[Online] \url{https://github.com/daw42/glslcookbook}. Último acesso a 19 de dezembro de 2020.}
}

@misc{cpk,
	author = "Corey-Pauling-Koltun, Walter L. Koltun",
	title  = "{Space filling atomic units and connectors for molecular models}",
	address  = {USA},
	year   = 1965
}

@MISC{textrender,
	author = {Joey de Vries},
	title  = "{LearnOpenGL - Render text}",
	year   = 2021,
	note   = {[Online] \url{https://learnopengl.com/In-Practice/2D-Game/Render-text}. Último acesso a 12 de janeiro de 2021.}
}